<?xml version="1.0" encoding="utf-8"?>
<record xmlns="http://www.loc.gov/MARC21/slim" xmlns:xsi="http://www.w3.org/2001/XMLSchema-instance" xsi:schemaLocation="http://www.loc.gov/MARC21/slim http://www.loc.gov/standards/marcxml/schema/MARC21slim.xsd">
	<leader>     nam a22        4500</leader>
	<controlfield tag="001">365290</controlfield>
	<controlfield tag="003">NIC</controlfield>
	<controlfield tag="006">m        d        </controlfield>
	<controlfield tag="007">cr cn |||m|||a</controlfield>
	<controlfield tag="008">170119m19319999gw h    ob    001 0carar </controlfield>
	<datafield ind1=" " ind2=" " tag="020">
		<subfield code="z">3515031790</subfield>
	</datafield>
	<datafield ind1=" " ind2=" " tag="020">
		<subfield code="z">9783515031790</subfield>
	</datafield>
	<datafield ind1=" " ind2=" " tag="020">
		<subfield code="z">9783879971558</subfield>
	</datafield>
	<datafield ind1=" " ind2=" " tag="020">
		<subfield code="z">3879971552</subfield>
	</datafield>
	<datafield ind1=" " ind2=" " tag="020">
		<subfield code="z">2912374316</subfield>
	</datafield>
	<datafield ind1=" " ind2=" " tag="020">
		<subfield code="z">9782912374318</subfield>
	</datafield>
	<datafield ind1=" " ind2=" " tag="020">
		<subfield code="z">9783879971565</subfield>
	</datafield>
	<datafield ind1=" " ind2=" " tag="020">
		<subfield code="z">3879971560</subfield>
	</datafield>
	<datafield ind1=" " ind2=" " tag="020">
		<subfield code="z">9782912374622</subfield>
	</datafield>
	<datafield ind1=" " ind2=" " tag="020">
		<subfield code="z">2912374626</subfield>
	</datafield>
	<datafield ind1=" " ind2=" " tag="020">
		<subfield code="z">386093161X</subfield>
	</datafield>
	<datafield ind1=" " ind2=" " tag="020">
		<subfield code="z">9783860931615</subfield>
	</datafield>
	<datafield ind1=" " ind2=" " tag="020">
		<subfield code="z">3879971463</subfield>
	</datafield>
	<datafield ind1=" " ind2=" " tag="020">
		<subfield code="z">9783879971466</subfield>
	</datafield>
	<datafield ind1=" " ind2=" " tag="020">
		<subfield code="z">2912374057</subfield>
	</datafield>
	<datafield ind1=" " ind2=" " tag="020">
		<subfield code="z">9782912374059</subfield>
	</datafield>
	<datafield ind1=" " ind2=" " tag="020">
		<subfield code="z">3879971471</subfield>
	</datafield>
	<datafield ind1=" " ind2=" " tag="020">
		<subfield code="z">9783879971473</subfield>
	</datafield>
	<datafield ind1=" " ind2=" " tag="020">
		<subfield code="z">9789953550657</subfield>
	</datafield>
	<datafield ind1=" " ind2=" " tag="020">
		<subfield code="z">9953550654</subfield>
	</datafield>
	<datafield ind1=" " ind2=" " tag="020">
		<subfield code="z">9789953550633</subfield>
	</datafield>
	<datafield ind1=" " ind2=" " tag="020">
		<subfield code="z">9953550638</subfield>
	</datafield>
	<datafield ind1=" " ind2=" " tag="020">
		<subfield code="z">9789953550268</subfield>
	</datafield>
	<datafield ind1=" " ind2=" " tag="020">
		<subfield code="z">9953550263</subfield>
	</datafield>
	<datafield ind1=" " ind2=" " tag="020">
		<subfield code="z">9783879971794</subfield>
	</datafield>
	<datafield ind1=" " ind2=" " tag="020">
		<subfield code="z">387997179X</subfield>
	</datafield>
	<datafield ind1=" " ind2=" " tag="020">
		<subfield code="z">3515028463</subfield>
	</datafield>
	<datafield ind1=" " ind2=" " tag="020">
		<subfield code="z">9783515028462</subfield>
	</datafield>
	<datafield ind1=" " ind2=" " tag="020">
		<subfield code="z">3515028471</subfield>
	</datafield>
	<datafield ind1=" " ind2=" " tag="020">
		<subfield code="z">9783515028479</subfield>
	</datafield>
	<datafield ind1=" " ind2=" " tag="020">
		<subfield code="z">3515028498</subfield>
	</datafield>
	<datafield ind1=" " ind2=" " tag="020">
		<subfield code="z">9783515028493</subfield>
	</datafield>
	<datafield ind1=" " ind2=" " tag="020">
		<subfield code="z">3515031804</subfield>
	</datafield>
	<datafield ind1=" " ind2=" " tag="020">
		<subfield code="z">9783515031806</subfield>
	</datafield>
	<datafield ind1=" " ind2=" " tag="020">
		<subfield code="z">3515031073</subfield>
	</datafield>
	<datafield ind1=" " ind2=" " tag="020">
		<subfield code="z">9783515031073</subfield>
	</datafield>
	<datafield ind1=" " ind2=" " tag="020">
		<subfield code="z">3515031812</subfield>
	</datafield>
	<datafield ind1=" " ind2=" " tag="020">
		<subfield code="z">9783515031813</subfield>
	</datafield>
	<datafield ind1=" " ind2=" " tag="020">
		<subfield code="z">3515031820</subfield>
	</datafield>
	<datafield ind1=" " ind2=" " tag="020">
		<subfield code="z">9783515031820</subfield>
	</datafield>
	<datafield ind1=" " ind2=" " tag="020">
		<subfield code="z">3515031839</subfield>
	</datafield>
	<datafield ind1=" " ind2=" " tag="020">
		<subfield code="z">9783515031837</subfield>
	</datafield>
	<datafield ind1=" " ind2=" " tag="020">
		<subfield code="z">3515031847</subfield>
	</datafield>
	<datafield ind1=" " ind2=" " tag="020">
		<subfield code="z">9783515031844</subfield>
	</datafield>
	<datafield ind1=" " ind2=" " tag="020">
		<subfield code="z">3515052097</subfield>
	</datafield>
	<datafield ind1=" " ind2=" " tag="020">
		<subfield code="z">9783515052092</subfield>
	</datafield>
	<datafield ind1=" " ind2=" " tag="020">
		<subfield code="z">3515041389</subfield>
	</datafield>
	<datafield ind1=" " ind2=" " tag="020">
		<subfield code="z">9783515041386</subfield>
	</datafield>
	<datafield ind1=" " ind2=" " tag="020">
		<subfield code="z">3515063110</subfield>
	</datafield>
	<datafield ind1=" " ind2=" " tag="020">
		<subfield code="z">9783515063111</subfield>
	</datafield>
	<datafield ind1=" " ind2=" " tag="020">
		<subfield code="z">3860932527</subfield>
	</datafield>
	<datafield ind1=" " ind2=" " tag="020">
		<subfield code="z">9783860932520</subfield>
	</datafield>
	<datafield ind1=" " ind2=" " tag="040">
		<subfield code="a">NNU</subfield>
		<subfield code="b">eng</subfield>
		<subfield code="e">rda</subfield>
		<subfield code="c">NNU</subfield>
	</datafield>
	<datafield ind1=" " ind2=" " tag="043">
		<subfield code="a">aw-----</subfield>
		<subfield code="a">ff-----</subfield>
	</datafield>
	<datafield ind1="0" ind2="0" tag="050">
		<subfield code="a">DS38.4.A2</subfield>
		<subfield code="b">S23 1931</subfield>
	</datafield>
	<datafield ind1="0" ind2="0" tag="060">
		<subfield code="a">WZ 290</subfield>
		<subfield code="b">S1265w 1931</subfield>
	</datafield>
	<datafield ind1=" " ind2=" " tag="084">
		<subfield code="a">18.71</subfield>
		<subfield code="2">bcl</subfield>
	</datafield>
	<datafield ind1="1" ind2=" " tag="100">
		<subfield code="6">880-01</subfield>
		<subfield code="a">Ṣafadī, Khalīl ibn Aybak,</subfield>
		<subfield code="d">approximately 1297-1363.</subfield>
	</datafield>
	<datafield ind1="1" ind2="0" tag="240">
		<subfield code="6">880-02</subfield>
		<subfield code="a">Wāfī bi-al-wafayāt</subfield>
	</datafield>
	<datafield ind1="1" ind2="0" tag="245">
		<subfield code="6">880-03</subfield>
		<subfield code="a">Kitāb al-Wāfī bi-al-Wafayāt /</subfield>
		<subfield code="c">taʼlīf Ṣalāḥ al-Dīn ibn Aybak al-Ṣafadī.</subfield>
	</datafield>
	<datafield ind1="1" ind2="5" tag="246">
		<subfield code="a">Biographische Lexikon des Ṣalāḥaddīn Ḫalīl ibn Aibak aṣ-Ṣafadī</subfield>
	</datafield>
	<datafield ind1=" " ind2=" " tag="260">
		<subfield code="6">880-04</subfield>
		<subfield code="a">Bayrūt, Lubnān :</subfield>
		<subfield code="b">al-Maʻhad al-Almānī lil-Abḥāth al-Sharqīyah,</subfield>
		<subfield code="c">1931-&lt;2013&gt;</subfield>
	</datafield>
	<datafield ind1=" " ind2=" " tag="300">
		<subfield code="a">online resource (volumes &lt;1-2, 5-32&gt;) :</subfield>
		<subfield code="b">facsimiles</subfield>
	</datafield>
	<datafield ind1=" " ind2=" " tag="336">
		<subfield code="a">text</subfield>
		<subfield code="2">rdacontent</subfield>
	</datafield>
	<datafield ind1=" " ind2=" " tag="337">
		<subfield code="a">computer</subfield>
		<subfield code="2">rdamedia</subfield>
	</datafield>
	<datafield ind1=" " ind2=" " tag="338">
		<subfield code="a">online resource</subfield>
		<subfield code="2">rdacarrier</subfield>
	</datafield>
	<datafield ind1="1" ind2=" " tag="490">
		<subfield code="6">880-05</subfield>
		<subfield code="a">al-Nasharāt al-Islāmīyah,</subfield>
		<subfield code="x">0170-3102 ;</subfield>
		<subfield code="v">juzʼ 6</subfield>
	</datafield>
	<datafield ind1=" " ind2=" " tag="500">
		<subfield code="a">Title on added t.p.: Das Biographische Lexikon des Ṣalāḥaddīn Ḫalīl ibn Aibak aṣ-Ṣafadī.</subfield>
	</datafield>
	<datafield ind1=" " ind2=" " tag="500">
		<subfield code="a">Vol. &lt;20&gt; has: Bi-iʻtināʼ Aḥmad Ḥuṭayṭ.</subfield>
	</datafield>
	<datafield ind1=" " ind2=" " tag="500">
		<subfield code="a">Vols. &lt;23&gt; has: Bi-iʻtināʼ Mūnīkā Ghrūnkah.</subfield>
	</datafield>
	<datafield ind1=" " ind2=" " tag="500">
		<subfield code="a">Vols. &lt;25-26&gt; have: Bi-iʻtināʼ Muḥammad al-Ḥujayrī.</subfield>
	</datafield>
	<datafield ind1=" " ind2=" " tag="500">
		<subfield code="a">Vols. &lt;27&gt; have: Bi-iʻtināʼ Ūtfrīd Vāyntrit.</subfield>
	</datafield>
	<datafield ind1=" " ind2=" " tag="500">
		<subfield code="a">Vol. 28 has: Bi-iʻtināʼ Ibrāhīm Shabbūḥ.</subfield>
	</datafield>
	<datafield ind1=" " ind2=" " tag="500">
		<subfield code="a">Vols. &lt;29&gt; have: Bi-iʻtināʼ Māhir Jarrār.</subfield>
	</datafield>
	<datafield ind1=" " ind2=" " tag="500">
		<subfield code="a">Vols. &lt;30&gt; have: Bi-iʻtināʼ Binyāmīn Yūkish wa-Muḥammad al-Ḥujayrī.</subfield>
	</datafield>
	<datafield ind1=" " ind2=" " tag="500">
		<subfield code="a">Vols. &lt;20, 23, 25-27, 29&gt; have: al-Ṭabʻah 1.</subfield>
	</datafield>
	<datafield ind1=" " ind2=" " tag="500">
		<subfield code="a">Vols. &lt;26, 31-32&gt; have imprint: Bayrūt : al-Maʻhad al-Almānī lil-Abḥāth al-Sharqīyah.</subfield>
	</datafield>
	<datafield ind1=" " ind2=" " tag="500">
		<subfield code="a">Vols. &lt;5, 13&gt; have imprint: Bayrūt : al-Maʻhad al-Almānī lil-Abḥāth al-Sharqīyah ; Vīsbādan : Yuṭlabu min Dār al-Nashr Frānz Shtāynar.</subfield>
	</datafield>
	<datafield ind1=" " ind2=" " tag="500">
		<subfield code="a">Vol. &lt;20&gt; has imprint: Bayrūt ; Birlīn : Yuṭlabu min Dār al-Nashr Klāws Shvārts.</subfield>
	</datafield>
	<datafield ind1=" " ind2=" " tag="500">
		<subfield code="a">Vols. &lt;25, 29&gt; have imprint: Bayrūt : al-Maʻhad al-Almānī lil-Abḥāth al-Sharqīyah ; Birlīn : Yuṭlabu min Dār al-Nashr al-Kitāb al-ʻArabī.</subfield>
	</datafield>
	<datafield ind1=" " ind2=" " tag="500">
		<subfield code="a">Vols. &lt;23, 27&gt; have imprint: Bayrūt ; Birlīn : Yuṭlabu min Dār al-Nashr al-Kitāb al-ʻArabī.</subfield>
	</datafield>
	<datafield ind1=" " ind2=" " tag="500">
		<subfield code="a">Part of the Arabic Collections Online (ACO) project, contributed by Cornell University Libraries.</subfield>
	</datafield>
	<datafield ind1=" " ind2=" " tag="504">
		<subfield code="a">Includes bibliographical references and indexes.</subfield>
	</datafield>
	<datafield ind1="1" ind2="0" tag="505">
		<subfield code="g">al-juzʼ 1.</subfield>
		<subfield code="t">Mụhammad ibn Mụhammad bis Mụhammad ibn Ibrāhīm ibn ʻAbd ar-Raḥmān /</subfield>
		<subfield code="r">hrsg. von H. Ritter --</subfield>
		<subfield code="g">al-juzʼ 2.</subfield>
		<subfield code="t">Muḥammad ibn Ibrāhīm ibn ʼUmar-Muḥammad ibn al-Ḥusayn ibn Muḥammad /</subfield>
		<subfield code="r">hrsg. von S. Dedering --</subfield>
		<subfield code="g">al-juzʼ 3.</subfield>
		<subfield code="t">Muḥammad ibn al-Ḥusayn-Muḥammad ibn / ʻAbd Allāh /</subfield>
		<subfield code="r">hrsg. von S. Dedring --</subfield>
		<subfield code="g">al-juzʼ 4.</subfield>
		<subfield code="t">Muḥammad ibn ʻUbaidallāh bis Muḥammad ibn Maḥmūd /</subfield>
		<subfield code="r">hrsg. von S. Dedering --</subfield>
		<subfield code="g">al-juzʼ 5.</subfield>
		<subfield code="t">Muḥammad ibn Maḥmud bis Ibrāhīm ibn Sulaimān /</subfield>
		<subfield code="r">hrsg. von S. Dedering --</subfield>
		<subfield code="g">al-juzʼ 6.</subfield>
		<subfield code="t">Ibrāhīm ibn Sahl bis Aḥmad ibn Ṭulun /</subfield>
		<subfield code="r">hrsg. von S. Dedering --</subfield>
		<subfield code="g">al-juzʼ 7.</subfield>
		<subfield code="t">Aḥmad ibn at-Taiyib ibn ḥalaf bis Aḥmad ibn Muḥammad ibn Šāraʼa /</subfield>
		<subfield code="r">hrsg. von I. Arbas --</subfield>
		<subfield code="g">al-juzʼ 8.</subfield>
		<subfield code="t">Aḥmad ibn Muḥammad al-Marzūqī bis Isḥāq al-Andalusīya Ǧr̄iyat al-Mutawakkil /</subfield>
		<subfield code="r">hrsg. von M.Y. Najm --</subfield>
		<subfield code="g">al-juzʼ 9.</subfield>
		<subfield code="t">Asad ibn Ibrāhīm bis Aydekīn al-Bunduqdār /</subfield>
		<subfield code="r">hrsg. von J. Van Ess --</subfield>
		<subfield code="g">al-juzʼ 10.</subfield>
		<subfield code="t">Aidamur bis T̲ābit /</subfield>
		<subfield code="r">hrsg. von A. Amara und J. Sublet --</subfield>
		<subfield code="g">al-juzʼ 11.</subfield>
		<subfield code="t">T̲āmir bis al-Ḥasan /</subfield>
		<subfield code="r">hrsg. von Š. Faiṣal --</subfield>
		<subfield code="g">al-juzʼ 12.</subfield>
		<subfield code="t">al-Ḥasan ibn Dāwūd bis al-Ḥusain ibn ʻAlī ibn Namā /</subfield>
		<subfield code="r">bi-iʻtināʼ R. at-Tawwāb --</subfield>
		<subfield code="g">al-juzʼ 13.</subfield>
		<subfield code="t">Al-Ḥusain ibn ʻAlī ibn al-Qumm bis ad-Duğain ibn T̲ābit al-Yarbūʻī --</subfield>
		<subfield code="g">al-juzʼ 14.</subfield>
		<subfield code="t">Diḥya ibn Ḥalīfa bis Ziyād al-Acǧam /</subfield>
		<subfield code="r">hrsg. von S. Dedering --</subfield>
		<subfield code="g">al-juzʼ 15.</subfield>
		<subfield code="t">Ziyād ibn al-Aṣfar bis Sunayn /</subfield>
		<subfield code="r">hrsg. von B. Radtke --</subfield>
		<subfield code="g">al-juzʼ 16.</subfield>
		<subfield code="t">Sahl bis ʻAbt̲ar /</subfield>
		<subfield code="r">bi-iʻtināʼ Wadād al-Qāḍī --</subfield>
		<subfield code="g">al-juzʼ 17.</subfield>
		<subfield code="t">ʻAbdallāh /</subfield>
		<subfield code="r">hrsg. von D. Krawulsky --</subfield>
		<subfield code="g">al-juzʼ 18.</subfield>
		<subfield code="t">ʻAbd al-Aḥad bis ʻAbd al-ʻAzīz /</subfield>
		<subfield code="r">hrsg. von Aiman Fuʼād Saiyid --</subfield>
		<subfield code="g">al-juzʼ 19.</subfield>
		<subfield code="t">ʻAbd al-ʻAẓīm ibn Abī al-Iṣbaʻ al-ʻAdwānī--ʻAllān al-Shuʻūbī --</subfield>
		<subfield code="g">al-juzʼ 20.</subfield>
		<subfield code="t">ʻUtba ibn Khaythma al-Nīsābūrī ; ʻAlī ibn al-Ḥusayn al-Sharīf al-Murtaḍa /</subfield>
		<subfield code="r">bi-iʻtināʼ Aḥmad Ḥuṭayṭ --</subfield>
		<subfield code="g">al-juzʼ 21.</subfield>
		<subfield code="t">ʻAlī al-Ḥusain al Masʻūdī bis ʻAlī ibn Muḥammad ibn al-Riḍā /</subfield>
		<subfield code="r">hrsg. von Muḥammad al-Ḥuǧairī --</subfield>
		<subfield code="g">al-juzʼ 22.</subfield>
		<subfield code="t">ʻAli ibn Muḥammad ibn Rustam bin ʻUmar ibn ʻAbd an-Nasir /</subfield>
		<subfield code="r">hrsg. von R. Baalbaki --</subfield>
		<subfield code="g">al-juzʼ 23.</subfield>
		<subfield code="t">ʻUmar ibn ʻAbd al-Wahhāb bis Farruh̲šāh ibn Sāhinšāh /</subfield>
		<subfield code="r">hrsg. von Monika Gronke --</subfield>
		<subfield code="g">al-juzʼ 24.</subfield>
		<subfield code="t">Farqad al-ʻIjlī al-Rabʻī -- Abū al-Layth al-Zāhid al-Ḥamawī --</subfield>
		<subfield code="g">al-juzʼ 25.</subfield>
		<subfield code="t">Laylá bint Abī Ḥuthmah ; al-Muʻāfī ibn Zakarīyā al-Jarīrī /</subfield>
		<subfield code="r">Muḥammad al-Ḥujayrī --</subfield>
		<subfield code="g">al-juzʼ 26.</subfield>
		<subfield code="t">al-Muʻāfī ibn ʻUmra̦n al-Mawṣilī Naṣr Allāh ibn al-Ḥasan al-Baghdādī /</subfield>
		<subfield code="r">bi-iʻtināʼ Muḥammad al-Ḥujayrī --</subfield>
		<subfield code="g">al-juzʼ 28.</subfield>
		<subfield code="t">Yaʻqūb ibn Ghanāyim -- Yaʻqūb ibn Muḥammad --</subfield>
		<subfield code="g">al-juzʼ 31.</subfield>
		<subfield code="t">al-Fahāris 1--</subfield>
		<subfield code="g">al-juzʼ 32.</subfield>
		<subfield code="t">al-Fahāris.</subfield>
	</datafield>
	<datafield ind1=" " ind2=" " tag="533">
		<subfield code="a">Electronic reproduction.</subfield>
		<subfield code="b">New York, N.Y. :</subfield>
		<subfield code="c">New York University,</subfield>
		<subfield code="d">2017.</subfield>
		<subfield code="5">NNU</subfield>
	</datafield>
	<datafield ind1=" " ind2="0" tag="651">
		<subfield code="a">Islamic Empire</subfield>
		<subfield code="v">Biography</subfield>
		<subfield code="v">Early works to 1800.</subfield>
	</datafield>
	<datafield ind1=" " ind2="7" tag="651">
		<subfield code="a">Islamic Empire.</subfield>
		<subfield code="2">fast</subfield>
		<subfield code="0">(OCoLC)fst01244134</subfield>
	</datafield>
	<datafield ind1="1" ind2="2" tag="650">
		<subfield code="a">Arab World</subfield>
		<subfield code="x">history.</subfield>
	</datafield>
	<datafield ind1=" " ind2="7" tag="655">
		<subfield code="a">Biography.</subfield>
		<subfield code="2">fast</subfield>
		<subfield code="0">(OCoLC)fst01423686</subfield>
	</datafield>
	<datafield ind1=" " ind2="7" tag="655">
		<subfield code="a">Early works.</subfield>
		<subfield code="2">fast</subfield>
		<subfield code="0">(OCoLC)fst01411636</subfield>
	</datafield>
	<datafield ind1=" " ind2="2" tag="655">
		<subfield code="a">Biography.</subfield>
	</datafield>
	<datafield ind1="1" ind2=" " tag="700">
		<subfield code="6">880-06</subfield>
		<subfield code="a">Ḥujayrī, Muḥammad.</subfield>
	</datafield>
	<datafield ind1="1" ind2=" " tag="700">
		<subfield code="a">Weintritt, Otfried.</subfield>
	</datafield>
	<datafield ind1="1" ind2=" " tag="700">
		<subfield code="6">880-07</subfield>
		<subfield code="a">Jarrār, Māhir Zuhayr.</subfield>
	</datafield>
	<datafield ind1="1" ind2=" " tag="700">
		<subfield code="a">Jokisch, Benjamin.</subfield>
	</datafield>
	<datafield ind1="1" ind2=" " tag="700">
		<subfield code="6">880-08</subfield>
		<subfield code="a">Shabbūḥ, Ibrāhīm.</subfield>
	</datafield>
	<datafield ind1="1" ind2=" " tag="700">
		<subfield code="a">Gronke, Monika.</subfield>
	</datafield>
	<datafield ind1="1" ind2=" " tag="700">
		<subfield code="6">880-09</subfield>
		<subfield code="a">Ḥuṭayṭ, Aḥmad.</subfield>
	</datafield>
	<datafield ind1="2" ind2=" " tag="710">
		<subfield code="a">Cornell University.</subfield>
		<subfield code="b">Libraries.</subfield>
	</datafield>
	<datafield ind1="0" ind2=" " tag="730">
		<subfield code="a">Arabic Collections Online.</subfield>
	</datafield>
	<datafield ind1="0" ind2="8" tag="776">
		<subfield code="i">Online version:</subfield>
		<subfield code="a">Ṣafadī, Khalīl ibn Aybak, approximately 1297-1363.</subfield>
		<subfield code="s">Wāfī bi-al-wafayāt.</subfield>
		<subfield code="t">Kitāb al-Wāfī bi-al-Wafayāt.</subfield>
		<subfield code="d">Leipzig : Deutsche Morgenländische Gesellschaft, in Kommission bei F.A. Brockhaus, 1931-&lt;2004&gt;</subfield>
		<subfield code="w">(OCoLC)615590603</subfield>
	</datafield>
	<datafield ind1="0" ind2="8" tag="776">
		<subfield code="i">Print version:</subfield>
		<subfield code="a">Ṣafadī, Khalīl ibn Aybak, approximately 1297-1363.</subfield>
		<subfield code="t">Kitāb al-Wāfī bi-al-Wafayāt</subfield>
		<subfield code="w">(NIC)365290</subfield>
		<subfield code="w">(DLC)  59036748 </subfield>
		<subfield code="w">(OCoLC)9887777</subfield>
		<subfield code="z">3515031790</subfield>
		<subfield code="z">9783515031790</subfield>
		<subfield code="z">9783879971558</subfield>
		<subfield code="z">3879971552</subfield>
		<subfield code="z">2912374316</subfield>
		<subfield code="z">9782912374318</subfield>
		<subfield code="z">9783879971565</subfield>
		<subfield code="z">3879971560</subfield>
		<subfield code="z">9782912374622</subfield>
		<subfield code="z">2912374626</subfield>
		<subfield code="z">386093161X</subfield>
		<subfield code="z">9783860931615</subfield>
		<subfield code="z">3879971463</subfield>
		<subfield code="z">9783879971466</subfield>
		<subfield code="z">2912374057</subfield>
		<subfield code="z">9782912374059</subfield>
		<subfield code="z">3879971471</subfield>
		<subfield code="z">9783879971473</subfield>
		<subfield code="z">9789953550657</subfield>
		<subfield code="z">9953550654</subfield>
		<subfield code="z">9789953550633</subfield>
		<subfield code="z">9953550638</subfield>
		<subfield code="z">9789953550268</subfield>
		<subfield code="z">9953550263</subfield>
		<subfield code="z">9783879971794</subfield>
		<subfield code="z">387997179X</subfield>
		<subfield code="z">3515028463</subfield>
		<subfield code="z">9783515028462</subfield>
		<subfield code="z">3515028471</subfield>
		<subfield code="z">9783515028479</subfield>
		<subfield code="z">3515028498</subfield>
		<subfield code="z">9783515028493</subfield>
		<subfield code="z">3515031804</subfield>
		<subfield code="z">9783515031806</subfield>
		<subfield code="z">3515031073</subfield>
		<subfield code="z">9783515031073</subfield>
		<subfield code="z">3515031812</subfield>
		<subfield code="z">9783515031813</subfield>
		<subfield code="z">3515031820</subfield>
		<subfield code="z">9783515031820</subfield>
		<subfield code="z">3515031839</subfield>
		<subfield code="z">9783515031837</subfield>
		<subfield code="z">3515031847</subfield>
		<subfield code="z">9783515031844</subfield>
		<subfield code="z">3515052097</subfield>
		<subfield code="z">9783515052092</subfield>
		<subfield code="z">3515041389</subfield>
		<subfield code="z">9783515041386</subfield>
		<subfield code="z">3515063110</subfield>
		<subfield code="z">9783515063111</subfield>
		<subfield code="z">3860932527</subfield>
		<subfield code="z">9783860932520</subfield>
	</datafield>
	<datafield ind1=" " ind2="0" tag="830">
		<subfield code="6">880-10</subfield>
		<subfield code="a">Nasharāt al-Islāmīyah ;</subfield>
		<subfield code="v">juzʼ 6.</subfield>
	</datafield>
	<datafield ind1="4" ind2="0" tag="856">
		<subfield code="u">http://hdl.handle.net/2333.1/6q573rsr</subfield>
	</datafield>
	<datafield ind1="1" ind2=" " tag="880">
		<subfield code="6">100-01</subfield>
		<subfield code="a">صفدي، خليل بن ايبك،</subfield>
		<subfield code="d">approximately 1297-1363.</subfield>
	</datafield>
	<datafield ind1="1" ind2="0" tag="880">
		<subfield code="6">240-02</subfield>
		<subfield code="a">وافي بالوفيات</subfield>
	</datafield>
	<datafield ind1="1" ind2="0" tag="880">
		<subfield code="6">245-03</subfield>
		<subfield code="a">كتاب الوافي بالوفيات /</subfield>
		<subfield code="c">تأليف صلاح الدين بن ايبك الصفدي.</subfield>
	</datafield>
	<datafield ind1=" " ind2=" " tag="880">
		<subfield code="6">260-04</subfield>
		<subfield code="a">بيروت، لبنان :</subfield>
		<subfield code="b">المعهد الالماني للبحاث الشرقية في بيروت،</subfield>
		<subfield code="c">1931-&lt;2013&gt;</subfield>
	</datafield>
	<datafield ind1="1" ind2=" " tag="880">
		<subfield code="6">490-05</subfield>
		<subfield code="a">النشرات الاسلامية،</subfield>
		<subfield code="x">0170-3102 ؛</subfield>
		<subfield code="v">جزء 6</subfield>
	</datafield>
	<datafield ind1="1" ind2=" " tag="880">
		<subfield code="6">700-06</subfield>
		<subfield code="a">حجيري، محمد.</subfield>
	</datafield>
	<datafield ind1="1" ind2=" " tag="880">
		<subfield code="6">700-07</subfield>
		<subfield code="a">جرار، ماهر زهير.</subfield>
	</datafield>
	<datafield ind1="1" ind2=" " tag="880">
		<subfield code="6">700-08</subfield>
		<subfield code="a">شبوح، ابراهيم.</subfield>
	</datafield>
	<datafield ind1="1" ind2=" " tag="880">
		<subfield code="6">700-09</subfield>
		<subfield code="a">حطيط، احمد.</subfield>
	</datafield>
	<datafield ind1=" " ind2="0" tag="880">
		<subfield code="6">830-10</subfield>
		<subfield code="a">نشرات الاسلامية ؛</subfield>
		<subfield code="v">جزء 6.</subfield>
	</datafield>
	<datafield ind1=" " ind2=" " tag="959">
		<subfield code="a">NNU</subfield>
		<subfield code="b">WEB</subfield>
		<subfield code="c">GENI</subfield>
		<subfield code="t">0</subfield>
		<subfield code="m">Electronic access</subfield>
		<subfield code="s">01</subfield>
	</datafield>
	<datafield ind1=" " ind2=" " tag="999">
		<subfield code="i">NIC_365290</subfield>
		<subfield code="o">(OCoLC)ocm09887777</subfield>
		<subfield code="s">cornell_aco000695:v.11-12</subfield>
		<subfield code="s">cornell_aco000700:v.6</subfield>
		<subfield code="s">cornell_aco000727:t.29</subfield>
		<subfield code="s">cornell_aco000735:v.15</subfield>
		<subfield code="s">cornell_aco000750:t.30</subfield>
		<subfield code="s">cornell_aco000736:v.16</subfield>
		<subfield code="s">cornell_aco000701:v.7</subfield>
		<subfield code="s">cornell_aco000702:v.8</subfield>
		<subfield code="s">cornell_aco000737:v.17</subfield>
		<subfield code="s">cornell_aco000703:v.9</subfield>
		<subfield code="s">cornell_aco000738:T.18</subfield>
		<subfield code="s">cornell_aco000739:T. 19</subfield>
		<subfield code="s">cornell_aco000704:v.10</subfield>
		<subfield code="s">cornell_aco000740:T.20</subfield>
		<subfield code="s">cornell_aco000705:v.13-14</subfield>
		<subfield code="s">cornell_aco000706:v.1</subfield>
		<subfield code="s">cornell_aco000741:T.21</subfield>
		<subfield code="s">cornell_aco000742:v.22</subfield>
		<subfield code="s">cornell_aco000707:v.2</subfield>
		<subfield code="s">cornell_aco000708:v.3</subfield>
		<subfield code="s">cornell_aco000743:T.23</subfield>
		<subfield code="s">cornell_aco000709:v.4</subfield>
		<subfield code="s">cornell_aco000744:T.24</subfield>
		<subfield code="s">cornell_aco000745:v.25</subfield>
		<subfield code="s">cornell_aco000710:v.5</subfield>
		<subfield code="s">cornell_aco000746:t.26</subfield>
		<subfield code="s">cornell_aco000747:t.27</subfield>
		<subfield code="s">cornell_aco000748:t.28</subfield>
		<subfield code="e">(ERROR-880)</subfield>
		<subfield code="s">cornell_aco000695:v.11-12</subfield>
		<subfield code="s">cornell_aco000700:v.6</subfield>
		<subfield code="s">cornell_aco000727:t.29</subfield>
		<subfield code="s">cornell_aco000735:v.15</subfield>
		<subfield code="s">cornell_aco000750:t.30</subfield>
		<subfield code="s">cornell_aco000736:v.16</subfield>
		<subfield code="s">cornell_aco000701:v.7</subfield>
		<subfield code="s">cornell_aco000702:v.8</subfield>
		<subfield code="s">cornell_aco000737:v.17</subfield>
		<subfield code="s">cornell_aco000703:v.9</subfield>
		<subfield code="s">cornell_aco000738:T.18</subfield>
		<subfield code="s">cornell_aco000739:T. 19</subfield>
		<subfield code="s">cornell_aco000704:v.10</subfield>
		<subfield code="s">cornell_aco000740:T.20</subfield>
		<subfield code="s">cornell_aco000705:v.13-14</subfield>
		<subfield code="s">cornell_aco000706:v.1</subfield>
		<subfield code="s">cornell_aco000741:T.21</subfield>
		<subfield code="s">cornell_aco000742:v.22</subfield>
		<subfield code="s">cornell_aco000707:v.2</subfield>
		<subfield code="s">cornell_aco000708:v.3</subfield>
		<subfield code="s">cornell_aco000743:T.23</subfield>
		<subfield code="s">cornell_aco000709:v.4</subfield>
		<subfield code="s">cornell_aco000744:T.24</subfield>
		<subfield code="s">cornell_aco000745:v.25</subfield>
		<subfield code="s">cornell_aco000710:v.5</subfield>
		<subfield code="s">cornell_aco000746:t.26</subfield>
		<subfield code="s">cornell_aco000747:t.27</subfield>
		<subfield code="s">cornell_aco000748:t.28</subfield>
	</datafield>
</record>
